@INPROCEEDINGS{Wei73,
author={Weiner, Peter},
booktitle={Switching and Automata Theory, 1973. SWAT '08. IEEE Conference Record of 14th Annual Symposium on},
title={Linear pattern matching algorithms},
year={1973},
month={oct.},
volume={},
number={},
pages={1 -11},
keywords={},
doi={10.1109/SWAT.1973.13},
ISSN={0272-4847},}
@article{Mcc76,
 author = {McCreight, Edward M.},
 title = {A Space-Economical Suffix Tree Construction Algorithm},
 journal = {J. ACM},
 volume = {23},
 issue = {2},
 month = {April},
 year = {1976},
 issn = {0004-5411},
 pages = {262--272},
 numpages = {11},
 url = {http://doi.acm.org/10.1145/321941.321946},
 doi = {http://doi.acm.org/10.1145/321941.321946},
 acmid = {321946},
 publisher = {ACM},
 address = {New York, NY, USA},
} 
@article{Ukk95,
   author = {Ukkonen, E.},
   affiliation = {Department of Computer Science University of Helsinki P.O. Box 26 FIN-00014 Teollisuuskatu 23},
   title = {On-line construction of suffix trees},
   journal = {Algorithmica},
   publisher = {Springer New York},
   issn = {0178-4617},
   keyword = {Computer Science},
   pages = {249-260},
   volume = {14},
   issue = {3},
   url = {http://dx.doi.org/10.1007/BF01206331},
   note = {10.1007/BF01206331},
   year = {1995}
}
@inproceedings{farach97,
  title={Optimal suffix tree construction with large alphabets},
  author={Farach, M.},
  booktitle={focs},
  pages={137},
  year={1997},
  organization={Published by the IEEE Computer Society}
}


