@article{roy2007survey,
  title={A survey on software clone detection research},
  author={Roy, C.K. and Cordy, J.R.},
  journal={Queen?s School of Computing TR},
  volume={541},
  pages={115},
  year={2007},
  publisher={Citeseer}
}

@inproceedings{rainer2008using,
  title={Using n-grams to rapidly characterise the evolution of software code},
  author={Rainer, A. and Lane, P.C.R. and Malcolm, J.A. and Scholz, S.B.},
  booktitle={Automated Software Engineering-Workshops, 2008. ASE Workshops 2008. 23rd IEEE/ACM International Conference on},
  pages={43--52},
  year={2008},
  organization={IEEE}
}

@article{smith2009detecting,
  title={Detecting and measuring similarity in code clones},
  author={Smith, R. and Horwitz, S.},
  journal={Proc. of IWSC},
  volume={9},
  year={2009},
  publisher={Citeseer}
}
